[gd_scene load_steps=5 format=2]

[ext_resource path="res://Gluten-Regular.ttf" type="DynamicFontData" id=1]
[ext_resource path="res://large_font.tres" type="DynamicFont" id=2]
[ext_resource path="res://Game.cs" type="Script" id=3]

[sub_resource type="DynamicFont" id=1]
size = 110
font_data = ExtResource( 1 )

[node name="main" type="Node"]

[node name="Game" type="Control" parent="."]
anchor_right = 1.0
anchor_bottom = 1.0
script = ExtResource( 3 )

[node name="Introdcution" type="CenterContainer" parent="Game"]
anchor_right = 1.0
anchor_bottom = 1.0
mouse_filter = 2

[node name="Label" type="Label" parent="Game/Introdcution"]
margin_right = 1920.0
margin_bottom = 1080.0
rect_min_size = Vector2( 1920, 1080 )
custom_fonts/font = ExtResource( 2 )
text = "You stroll into a carnival and notice a line of stands."
align = 1
valign = 1
autowrap = true

[node name="Shop" type="CenterContainer" parent="Game"]
visible = false
anchor_right = 1.0
anchor_bottom = 1.0
mouse_filter = 2

[node name="Approach" type="Label" parent="Game/Shop"]
margin_right = 1920.0
margin_bottom = 1080.0
rect_min_size = Vector2( 1920, 1080 )
custom_fonts/font = SubResource( 1 )
text = "You approach a stand and notice a clown presenting an assortment of items."
align = 1
valign = 1
autowrap = true

[node name="Request" type="Label" parent="Game/Shop"]
visible = false
margin_right = 1920.0
margin_bottom = 1080.0
rect_min_size = Vector2( 1920, 1080 )
custom_fonts/font = SubResource( 1 )
text = "The clown asks you to buy something."
align = 1
valign = 1
autowrap = true

[node name="Items" type="VBoxContainer" parent="Game/Shop"]
visible = false
margin_right = 1920.0
margin_bottom = 1080.0
rect_min_size = Vector2( 1920, 1080 )
mouse_filter = 2
alignment = 1

[node name="Item1" type="Button" parent="Game/Shop/Items"]
margin_top = 380.0
margin_right = 1920.0
margin_bottom = 484.0
custom_colors/font_color = Color( 1, 1, 1, 1 )
custom_fonts/font = SubResource( 1 )
text = "1 - ItemA"
flat = true

[node name="Item2" type="Button" parent="Game/Shop/Items"]
margin_top = 488.0
margin_right = 1920.0
margin_bottom = 592.0
custom_colors/font_color = Color( 1, 1, 1, 1 )
custom_fonts/font = SubResource( 1 )
text = "2 - ItemB"
flat = true

[node name="Item3" type="Button" parent="Game/Shop/Items"]
margin_top = 596.0
margin_right = 1920.0
margin_bottom = 700.0
custom_colors/font_color = Color( 1, 1, 1, 1 )
custom_fonts/font = SubResource( 1 )
text = "3 - ItemC"
flat = true

[node name="Battle" type="CenterContainer" parent="Game"]
visible = false
anchor_right = 1.0
anchor_bottom = 1.0
mouse_filter = 2

[node name="Actions" type="VBoxContainer" parent="Game/Battle"]
margin_right = 1920.0
margin_bottom = 1080.0
rect_min_size = Vector2( 1920, 1080 )
mouse_filter = 2
alignment = 1

[node name="Action1" type="Label" parent="Game/Battle/Actions"]
margin_top = 389.0
margin_right = 1920.0
margin_bottom = 487.0
custom_fonts/font = SubResource( 1 )
text = "1 - Attack"
align = 1
valign = 1

[node name="Action2" type="Label" parent="Game/Battle/Actions"]
margin_top = 491.0
margin_right = 1920.0
margin_bottom = 589.0
custom_fonts/font = SubResource( 1 )
text = "2 - Attack"
align = 1
valign = 1

[node name="Action3" type="Label" parent="Game/Battle/Actions"]
margin_top = 593.0
margin_right = 1920.0
margin_bottom = 691.0
custom_fonts/font = SubResource( 1 )
text = "3 - Attack"
align = 1
valign = 1
